<record xmlns='http://www.loc.gov/MARC21/slim'><leader>02090ntm a2200325Ii 4500</leader><controlfield tag='001'>991058301966206011</controlfield><controlfield tag='005'>20220506121230.0</controlfield><controlfield tag='008'>220506q14501500it            000 0 eng d</controlfield><datafield ind1=' ' ind2=' ' tag='035'><subfield code='a'>(OCoLC)1314385591h</subfield></datafield><datafield ind1=' ' ind2=' ' tag='035'><subfield code='a'>(OCoLC)on1314385591h</subfield></datafield><datafield ind1=' ' ind2=' ' tag='040'><subfield code='a'>HRH</subfield><subfield code='b'>eng</subfield><subfield code='e'>dcrmmss</subfield><subfield code='c'>HRH</subfield></datafield><datafield ind1=' ' ind2=' ' tag='041'><subfield code='a'>lat</subfield></datafield><datafield ind1=' ' ind2=' ' tag='049'><subfield code='a'>HRHH</subfield></datafield><datafield ind1=' ' ind2='9' tag='099'><subfield code='a'>MS 3327, Container 53</subfield></datafield><datafield ind1='0' ind2='0' tag='245'><subfield code='a'>Manipulus curatorum :</subfield><subfield code='k'>manuscript.</subfield></datafield><datafield ind1=' ' ind2='0' tag='264'><subfield code='a'>Italy ;</subfield><subfield code='c'>between 1450 and 1500</subfield></datafield><datafield ind1=' ' ind2=' ' tag='300'><subfield code='a'>120 leaves :</subfield><subfield code='b'>paper,</subfield><subfield code='c'>21 x 15 cm</subfield></datafield><datafield ind1=' ' ind2=' ' tag='336'><subfield code='a'>text</subfield><subfield code='b'>txt</subfield><subfield code='2'>rdacontent</subfield></datafield><datafield ind1=' ' ind2=' ' tag='337'><subfield code='a'>unmediated</subfield><subfield code='b'>n</subfield><subfield code='2'>rdamedia</subfield></datafield><datafield ind1=' ' ind2=' ' tag='338'><subfield code='a'>volume</subfield><subfield code='b'>nc</subfield><subfield code='2'>rdacarrier</subfield></datafield><datafield ind1=' ' ind2=' ' tag='500'><subfield code='a'>Title from caption?</subfield></datafield><datafield ind1=' ' ind2=' ' tag='500'><subfield code='a'>Decoration includes red initials.</subfield></datafield><datafield ind1=' ' ind2=' ' tag='500'><subfield code='a'>Humanistic cursive and cursive script</subfield></datafield><datafield ind1=' ' ind2=' ' tag='506'><subfield code='a'>Unrestricted in reading room, but coach user: open only to 90°, use book supports; do not fasten clasp; available for classroom use in exhibit case only.</subfield></datafield><datafield ind1=' ' ind2=' ' tag='590'><subfield code='a'>MS 3327, Container 53: Acquired by the Ransom Center in 1963 with the Illuminated Manuscripts Collection from New York bookseller, Lew David Feldman (House of El Dieff). Binding  (Italy 15th /16th c): Full brown tanned goatskin over wood boards (shallow peripheral bevels). Straight caps, bookblock rounded, tight back over sewing supports, cut edges. Extensive blind tooling (stamping?) front and back covers and spine; no title. Fore edge fastenings: raised-lip catchplates back cover; upper textile (velvet?) clasp strap and hook, lower tanned animal skin remnant clasp strap fore edge front cover. Sewn primary off-white endbands over alum-tawed cores extended under covering material. Sewn on three alum-tawed thongs nailed on boards, continuous parchment guards inside and outside. Endleaf components: front sewn (?) fold off-white handmade laid paper making pastedown, remnant; back separate pastedown ecru handmade laid paper (likely repair).</subfield></datafield><datafield ind1=' ' ind2='7' tag='655'><subfield code='a'>Decorated initials.</subfield><subfield code='2'>aat</subfield></datafield><datafield ind1='1' ind2=' ' tag='790'><subfield code='a'>Feldman, Lew David,</subfield><subfield code='e'>seller.</subfield></datafield><datafield ind1='2' ind2=' ' tag='791'><subfield code='a'>Medieval and Early Modern Manuscripts Collection.</subfield></datafield><datafield ind1=' ' ind2=' ' tag='752'><subfield code='a'>Italy,</subfield><subfield code='e'>producation place.</subfield></datafield><datafield ind1=' ' ind2=' ' tag='994'><subfield code='a'>C0</subfield><subfield code='b'>HRH</subfield></datafield></record>
